@INPROCEEDINGS{5768459, 
author={Y. Han and W. Zhao}, 
booktitle={2011 International Conference on Consumer Electronics, Communications and Networks (CECNet)}, 
title={Study on properties of PB-g-PS latex-modified cement mortars}, 
year={2011}, 
volume={}, 
number={}, 
pages={3600-3603}, 
keywords={absorption;bending strength;cements (building materials);compressive strength;curing;mortar;polymers;PB-g-PS latex;cement mortar;weight ratio;polybutadiene;styrene;water-cement ratio;curing;polymer-cement ratio;flow;compressive strength;flexural strength;water absorption rate;mechanical property;time 24 h;temperature 20 C;Mortar;Polymers;Mechanical factors;Absorption;Chemical engineering;ISO;PB-g-PS latex;modified cement mortars;property}, 
doi={10.1109/CECNET.2011.5768459}, 
ISSN={}, 
month={April},}


@INPROCEEDINGS{5768412, 
author={Y. Han and W. Zhao}, 
booktitle={2011 International Conference on Consumer Electronics, Communications and Networks (CECNet)}, 
title={Effects of silicon fume and latex on properties and hydration of modified mortars}, 
year={2011}, 
volume={}, 
number={}, 
pages={3132-3135}, 
keywords={bending strength;cements (building materials);compressive strength;mortar;polymer blends;solvation;sorption;silicon fume;hydration;cement mortar;polybutadiene-graft-polystyrene;PB-g-PS latex;polymer-cement ratio;compressive strength;flexural strength;capillary water absorption rate;XRD;Mortar;Polymers;Silicon;X-ray scattering;Absorption;Mechanical factors;PB-g-PS latex;silicon fume;modified cement mortars;property}, 
doi={10.1109/CECNET.2011.5768412}, 
ISSN={}, 
month={April},}

@INPROCEEDINGS{6568293, 
author={J. A. Ribeiro and S. S. Rodrigues and L. M. Brasil}, 
booktitle={2013 Pan American Health Care Exchanges (PAHCE)}, 
title={Occlusion child derived from natural latex for amblyopia treatment}, 
year={2013}, 
volume={}, 
number={}, 
pages={1-1}, 
keywords={biomedical materials;contact lenses;diseases;eye;injuries;paediatrics;patient treatment;vision defects;occlusion child;natural latex;amblyopia treatment;esophagus reconstructions;abdominal wall;pericardium;obesity treatment;plantar pressure control;diabetic foot;applicability proposal;visual acuity deficiency;contact lens;gradual occlusion;eye;disease treatment;trauma;Visualization;Pediatrics;Vision defects;Materials;Obesity;Conferences;Amblyopia;biomaterial;biomedical engineer;latex}, 
doi={10.1109/PAHCE.2013.6568293}, 
ISSN={2327-817X}, 
month={April},}


@INPROCEEDINGS{5768414, 
author={Y. Han and W. Zhao}, 
booktitle={2011 International Conference on Consumer Electronics, Communications and Networks (CECNet)}, 
title={Effects of curing condition on properties and microstructure of latex-modified cement mortars}, 
year={2011}, 
volume={}, 
number={}, 
pages={3128-3131}, 
keywords={bending strength;cement industry;cements (building materials);compressive strength;curing;polymer blends;shells (structures);curing condition effect;latex modified cement mortar;polybutadiene graft polystyrene latex;core shell weight ratio;water cement ratio;polymer cement weight ratio;polymer modified mortar;compressive strengths;flexural strengths;water absorption rate;scanning electric microscope;PB-g-PS core shell latex;time 24 hour;temperature 20 degC;time 21 d;time 27 d;Mortar;Polymers;Curing;Microstructure;Absorption;Educational institutions;PB-g-PS core-shell structure latex;modified cement mortars;property;microstructure;curing condition}, 
doi={10.1109/CECNET.2011.5768414}, 
ISSN={}, 
month={April},}


@INPROCEEDINGS{7480156, 
author={S. N. S. Hapuarachchi and S. R. Kariyapper and M. B. D. M. D. Gunawardana and S. Egodage and T. U. Ariyadasa}, 
booktitle={2016 Moratuwa Engineering Research Conference (MERCon)}, 
title={Biodegradation of natural rubber latex by a novel bacterial species isolated from soil}, 
year={2016}, 
volume={}, 
number={}, 
pages={293-296}, 
keywords={biodegradable materials;environmental degradation;Fourier transform infrared spectroscopy;microorganisms;rubber industry;rubber products;scanning electron microscopy;natural rubber latex biodegradation;bacterial specie isolation;natural rubber degrading bacteria Paenibacillus lautus;rubber plantation;soil sample;natural rubber latex decomposition;carbon source;staining test;Schiff reagent;NR latex degradation;Fourier transform infrared spectroscopy;C=C double bond reduction;carboxylic acid;ketone;polymer chain;surface erosion image;scanning electron microscopy;Rubber;Strain;Microorganisms;Degradation;Scanning electron microscopy;Surface treatment;Biodegradation;Paenibacillus lautus;biodegradation;natural rubber latex}, 
doi={10.1109/MERCon.2016.7480156}, 
ISSN={}, 
month={April},}